@inproceedings{rationalprotocol,
  title   = "Rational protocol design: Cryptography against incentive-driven adversaries",
  author  = "Garay, Juan and Katz, Jonathan and Maurer, Ueli and Tackmann, Bjorn and Zikas, Vassilis",
  booktitle = "Foundations of Computer Science (FOCS), 2013 IEEE 54th Annual Symposium on",
  pages   = "648--657",
  year    = "2013",
  organization = "IEEE"
}
